3475 4859
259 285 654 376 MENSIS
700 281 1366 392 SEPTEMBRIS
1417 284 1508 359 A.
1544 284 2045 362 MDCCXLVI.
2077 290 2153 360 Ρ.
2176 287 2263 359 11.
2294 308 2442 380 547

147 541 153 545 ⁶
195 439 616 552 ticipantem,
639 480 728 529 ex
751 455 964 529 nostra
995 454 1300 530 sententia
1344 455 1894 532 evidentiffimum
1946 458 2057 531 est.
2154 460 2448 536 Utamur

193 560 390 655 ipsius
424 562 596 634 Clar.
628 563 903 633 Antoris
931 562 1263 656 exemplo.
1370 564 1510 660 Qui
1543 561 1692 656 post
1733 576 1781 649 8
1817 586 2021 634 annos
2063 565 2265 711 6000
2297 561 2444 633 tha

191 665 367 735 leros
409 665 712 759 accipere
755 664 990 749 debet,
1040 688 1126 738 ex
1162 663 1306 751 ejus
1349 663 1717 736 sententia
1694 690 1823 753 jam
1880 659 2131 763 4285}
2176 665 2441 760 accipit.

190 770 360 839 Nam
422 790 650 837 annuae
704 765 908 840 uffirae
956 753 1248 862 ipsorum
1301 762 1552 864 428527
1607 768 1813 841 octies
1873 768 2093 842 filmtae
2142 765 2445 840 efficiunt

197 893 228 941 ι
246 893 288 960 7
306 894 331 941 r
349 864 464 965 452,
488 870 789 964 adeoque
815 869 969 943 sorti
997 873 1212 964 primae
1237 871 1466 941 atiditae
1491 869 1797 943 summam
1824 875 2091 943 6000.·
2134 876 2278 962 Jam
2306 892 2445 941 ma·

175 972 496 1072 <triferium
527 972 640 1057 est,
673 967 866 1042 sortis
900 967 1150 1071 4285}
1179 971 1432 1044 usuram
1462 975 1682 1068 primo
1709 996 1885 1046 anno
1910 975 2249 1046 effe.ultra
2266 995 2305 1058 a
2324 994 2442 1060 14.

168 1077 318 1147 His
352 1097 524 1175 214,
556 1074 674 1146 sub
706 1073 906 1147 finem
939 1077 1136 1171 primi
1174 1078 1324 1152 anni
1368 1079 1692 1171 acceptis,
1736 1078 2034 1150 creditor
2072 1077 2438 1169 anticipans

188 1178 349 1249 totis
386 1176 635 1272 septem
676 1181 858 1250 annis
886 1179 1167 1277 fruitur,
1221 1177 1399 1273 quali
1444 1180 1698 1251 illarum
1738 1177 1942 1253 usurae
1998 1201 2225 1252 annuae
2266 1177 2435 1250 nihil

189 1281 409 1353 effcnt.
512 1283 578 1352 Si
605 1281 826 1353 nullos
853 1285 1096 1355 exinde
1121 1281 1368 1354 fruflus
1397 1285 1702 1375 percipit,
1720 1284 1789 1354 in
1818 1308 2026 1356 arcam
2054 1284 2206 1354 illos
2232 1304 2437 1377 repo-

190 1384 332 1465 nit,
382 1384 547 1455 male
591 1404 774 1456 certe
810 1385 1280 1478 patrisfamilias
1323 1382 1550 1457 officio
1590 1384 1935 1481 fungitur,
1978 1410 2182 1482 quem
2227 1407 2437 1479 pecu-

171 1489 405 1575 sniam,
441 1492 508 1555 in
539 1483 780 1557 sortem
823 1491 1243 1583 imputatam,
1292 1511 1430 1558 non
1465 1486 1749 1560 otiofitm
1788 1491 2167 1584 relinquere
2218 1489 2430 1561 decet.

161 1587 542 1660 «ursonem
585 1591 764 1660 enim
809 1592 1213 1686 imputantur
1247 1592 1319 1663 hi
1354 1615 1523 1713 ‚²¹⁴⁹
1561 1599 1626 1663 ὅ(
1671 1593 1843 1663 adeo
1872 1615 2018 1685 pars
2049 1591 2239 1662 sortis
2267 1587 2438 1663 sunt.

169 1693 251 1764 ‘Si
269 1713 440 1763 vero
454 1693 596 1786 pars
622 1690 807 1764 sortis
835 1691 999 1780 sunt,
1014 1694 1138 1766 &fi
1163 1697 1576 1790 accipiuntur
1588 1693 1836 1787 septem
1853 1698 2036 1766 annis
2056 1714 2225 1779 ante,
2240 1713 2438 1785 quam

181 1793 318 1865 ulla
347 1791 560 1874 sortis
596 1816 741 1896 pars
777 1798 1171 1880 debebatur,
1219 1797 1545 1892 sequitur,
1583 1817 1662 1868 ut
1704 1799 2145 1890 anticipentur
2180 1794 2432 1886 septem

182 1898 390 1967 annis.
474 1872 676 1995 Quiil
715 1902 922 1993 rigitur
945 1901 1082 1969 hoc
1110 1898 1238 1981 est,
1271 1899 1684 1968 creditorem
1722 1921 1866 1987 2¹4
1896 1900 2253 1992 anticipare
2276 1892 2433 1989 pos·

45 2045 48 2060 .
180 1995 247 2069 se
290 1998 545 2093 septem
604 2003 872 2093 integris
915 2003 1137 2088 annis,
1207 2000 1451 2070 deinde
1492 2000 1657 2071 alios
1713 2023 1886 2090 214,
1924 1998 2146 2072 usuras
2190 2019 2430 2093 nempe

179 2100 380 2193 ipfius
429 2117 622 2192 4285
673 2125 845 2173 anno
886 2105 947 2174 11
1001 2100 1115 2172 sex
1160 2103 1382 2186 annis,
1428 2108 1492 2172 δι
1524 2099 1858 2193 alios214
1894 2106 2216 2198 quinque,
2245 2111 2310 2173 ὅ(
2340 2099 2458 2173 lic·

172 2224 422 2298 pon-0,
471 2205 648 2275 nulla
690 2206 929 2275 horum
967 2206 1265 2293 omnium
1316 2204 1853 2299 compensatione
1898 2206 2185 2277 debitori
2222 2203 2431 2278 facia?

176 2309 287 2391 At,
331 2304 385 2376 fi
430 2326 638 2389 tantas
681 2306 871 2377 sortis
913 2327 1128 2401 partes
1178 2326 1286 2378 tot
1312 2310 1496 2378 annis
1533 2311 1893 2404 anticipare
1922 2310 2115 2393 licet,
2159 2307 2429 2402 illisque

172 2406 341 2494 frui,
367 2405 495 2480 cur
520 2432 654 2479 non
685 2429 890 2481 totam
922 2409 1199 2481 sortem?
1246 2411 1551 2482 Decebat
1570 2411 2083 2498 Jurisconsultos
2114 2413 2283 2496 illos,
2310 2411 2433 2505 qui

170 2510 538 2583 anatocismi
568 2535 757 2584 reum
788 2505 1166 2582 Leihnitium
1192 2530 1436 2605 agunt,
1507 2512 1757 2607 vulgati
1793 2514 1972 2585 illius
2009 2510 2185 2586 effati
2230 2512 2433 2585 remi·
2558 2551 2565 2562 ·

177 2611 370 2683 uisci:
409 2614 592 2698 idem
616 2614 778 2704 juris
802 2613 938 2685 effe
959 2617 1027 2683 in
1055 2635 1227 2693 toto,
1259 2638 1336 2684 ac
1370 2615 1438 2683 in
1469 2634 1680 2701 parte,
1703 2639 1926 2708 neque
1964 2636 2098 2686 tam
2126 2616 2296 2685 male
2327 2615 2430 2684 in·

177 2732 286 2785 ter
309 2710 375 2782 se
405 2713 793 2788 cohaerentia
846 2715 1266 2789 Leihnitianis
1291 2715 1624 2835 praeferre:
1771 2720 1938 2796 Haec
1970 2717 2219 2788 addere
2260 2717 2427 2789 libet

181 2837 320 2887 non
359 2838 495 2887 tam
541 2837 774 2890 contra
818 2820 959 2890 Cel.
1001 2823 1366 2904 Amorem,
1426 2820 1544 2913 qui
1596 2820 1666 2888 in
1715 2816 2073 2915 spernenda
2116 2818 2429 2898 Leihnieii

181 2918 502 2991 methodo
545 2924 922 2992 autoritates
950 2924 1265 3001 aliorum,
1301 2941 1437 2994 non
1476 2923 1783 3004 rationes,
1816 2923 2080 3022 allegat,
2114 2920 2226 2993 sed
2259 2946 2427 2994 con-

180 3038 281 3091 tra
311 3023 491 3107 illos,
543 3026 683 3117 qui,
711 3046 842 3095 tam
875 3023 1169 3093 futilibus
1197 3023 1592 3115 argumentis
1628 3021 1752 3104 ufi,
1783 3017 2013 3092 summi
2049 3024 2202 3094 Viri
2237 3026 2429 3097 affer-

181 3140 244 3194 ta
273 3123 554 3199 elevant.
603 3130 746 3214 jam
776 3125 1042 3198 Doaiflt
1075 3131 1383 3216 Ungertes,
1400 3137 1551 3194 cum
1580 3124 1826 3210 videat,
1832 3125 2139 3196 Leibnitii
2174 3129 2427 3221 princi-

176 3227 286 3319 pia
325 3228 658 3299 deduceoe
690 3230 772 3300 ad
815 3228 1165 3300 formulam
1209 3229 1405 3297 abu:
1425 3230 1591 3319 (ὑι-Ι·
1615 3225 1950 3322 1)²¹⁸=·=·x,
1980 3250 2237 3321 monet,
2270 3228 2390 3302 ms
2366 3258 2423 3301 ·

171 3351 334 3420 gnea
353 3328 516 3401 fore
556 3328 973 3428 difficultates
1015 3331 1254 3426 regulae
1294 3330 1432 3425 ejus
1484 3331 1565 3403 ad
1613 3332 1849 3425 praxin
1874 3332 2292 3417 deducendae,
2324 3353 2425 3405 et-

173 3428 218 3499 fi
252 3430 410 3517 iusta
433 3429 854 3528 supponatur.
891 3437 898 3442 ’
950 3438 1126 3522 Hic,
1158 3454 1236 3505 ut
1258 3454 1397 3505 non
1427 3449 1811 3527 urgeamus,
1856 3439 1995 3505 non
2029 3436 2425 3521 facilitatem,
2532 3469 2537 3478 ·

173 3529 282 3606 sed
307 3535 640 3624 iustitiam,
673 3540 902 3631 quaeri,
935 3541 1264 3626 miramur,
1294 3560 1469 3621 eum,
1490 3539 1610 3631 qui
1644 3536 1733 3608 de
1759 3536 2064 3609 Leibm'tii
2094 3537 2423 3608 methodo

170 3632 488 3721 iudicium
513 3639 691 3712 ferre
719 3640 1017 3725 sustinet,
1058 3640 1319 3725 tabulas,
1351 3640 1488 3728 ejus
1515 3642 1717 3734 gratia
1753 3641 2201 3726 concinnatam,
2226 3641 2420 3734 igno·-

171 3759 331 3823 rare,
364 3742 592 3836 quales
621 3763 764 3815 tum
794 3745 863 3813 in
898 3744 1070 3817 Atlis
1094 3750 1207 3815 loc.
1225 3744 1335 3815 cit.
1363 3763 1504 3813 tum
1528 3745 1596 3813 in
1623 3742 2114 3838 compluribuS,
2159 3742 2422 3837 Anglo-

171 3860 315 3912 rum
353 3847 690 3941 praecipue
724 3854 790 3918 &
821 3849 1255 3930 Batavorum,
1287 3845 1524 3918 libellis
1547 3847 1993 3929 arithmeticis,
2016 3845 2455 3946 exstangdffi„

170 3941 325 4015 inde
350 3970 489 4019 non
516 3950 927 4044 perpendere
956 3971 1107 4021 eum
1111 3950 1314 4042 ‚quod
1348 3949 1474 4032 illa,
1508 3972 1708 4043 quam
1741 3968 2086 4043 tantopeie
2115 3965 2324 4038 timet,
2325 3945 2421 4019 ad

153 4050 496 4138 potentias
529 4051 792 4125 altiores
835 4054 1094 4126 eveciio
1135 4050 1679 4147 logarithmorum
1715 4067 1849 4145 ope
1884 4055 2147 4147 penitus
2185 4051 2431 4121 evitari.

45 4147 48 4154 ’
173 4146 371 4246 Poffit
394 4151 708 4232 faciendo
743 4153 1573 4253 1x=la†m(lb·-l(b
1606 4155 1833 4254 41».
1868 4156 2000 4234 Sed
2030 4157 2113 4230 ad
2133 4155 2421 4245 reliquas

1378 4260 1643 4350 Zzz3
1770 4349 1867 4366 Ν
2192 4253 2519 4372 libeni·
