3475 4859
254 221 341 248 ”
418 257 813 380 Mamm
878 269 1502 404 memsuis
1554 268 1649 349 κ.
1698 273 2204 356 Μυεσικνῑ.
2307 281 2453 373 7η
2539 331 2550 344 .

183 448 387 521 trium
434 471 767 545 generum.
911 447 1026 519 Ad
1061 469 1305 542 corpus
1348 449 1710 544 tegendum
1767 470 1914 523 erat
1963 452 2142 549 galea
2159 500 2182 538 ‚
2224 453 2456 546 lorica,

179 555 555 646 cingulum,
589 574 827 642 ocrea,
866 550 1164 645 clypeus,
1204 552 1315 623 vel
1343 551 1626 626 scutum.
1728 555 1841 627 Ad
1880 580 2093 644 arma,
2141 579 2288 653 quae
2329 580 2457 630 no—
2597 591 2606 598 ·

180 656 460 743 cebant,
508 654 878 750 pertinebat
909 653 1081 725 hasta
1120 660 1185 727 δι
1219 655 1478 741 lancea,
1515 655 1714 747 enfis,
1750 658 2051 754 bipennis
2091 665 2156 732 δι
2181 660 2453 751 securis,

180 781 404 845 arcus,
435 759 762 849 jaculum,
805 758 1031 831 funda.
1133 759 1243 832 Ad
1276 761 1609 833 machinas
1639 766 2095 858 oppugnanda
2132 763 2313 837 urbis
2339 786 2449 838 re-

175 862 563 936 ferebantur
587 862 759 935 scalae
782 909 804 946 ,
837 864 1035 953 aries,
1078 865 1332 961 lignum
1384 888 1561 950 100,
1583 866 1694 937 vel
1734 891 1760 939 ι
1781 889 1898 950 20,
1930 868 2219 959 pedum,
2261 867 2449 938 lami-

177 970 285 1038 nis
321 965 551 1038 ferreis
584 967 943 1057 munitum,
981 962 1333 1066 ἔλιπολῖς,
1368 968 1550 1040 unde
1580 969 1829 1063 lapides
1874 975 1940 1040 δι
1969 969 2220 1043 miffilia
2252 972 2443 1041 emit-

86 1131 113 1137 -.
177 1070 524 1156 rebantur,
558 1069 864 1154 testudo,
904 1093 1144 1168 agger,
1188 1092 1399 1143 turres
1424 1095 1465 1143 e
1493 1072 1676 1167 ligno
1705 1072 2024 1168 mobiles,
2083 1092 2290 1146 crates
2331 1074 2458 1156 vi<

176 1175 414 1245 minen
445 1175 528 1245 ad
573 1173 809 1268 capita.
829 1177 1111 1268 tegenda
1129 1227 1149 1262 ,
1201 1173 1530 1267 catapeltae
1568 1176 1652 1245 ad
1698 1172 1955 1270 sagittas
2005 1175 2432 1267 ejaculandas.

0 1293 28 1300 “
171 1277 464 1349 Praefeai
493 1278 906 1349 exercituum
938 1284 1087 1369 Cap.
1125 1283 1236 1352 III
1265 1279 1484 1371 primo
1517 1297 1701 1349 erant
1732 1283 1982 1373 Reges,
2033 1276 2265 1352 summi
2310 1281 2431 1352 du-
2474 1284 2624 1380 Pag.
2677 1305 2799 1379 90.

167 1399 322 1462 ces,
370 1380 636 1463 deinde,
683 1403 834 1454 cum
867 1381 1218 1476 imperinm
1253 1381 1410 1452 effer
1437 1403 1643 1476 penes
1683 1382 2055 1477 populum,
2097 1386 2437 1474 Praetores,

171 1483 258 1554 ad
291 1486 731 1562 numerumX
758 1483 1070 1568 tribuum,
1084 1481 1337 1565 decem,
1354 1483 1596 1577 quibus
1628 1484 1995 1556 addebatur
2020 1486 2438 1568 undecimus,

168 1583 643 1687 πολέμαρχος.
780 1587 1127 1659 Habebant
1179 1589 1375 1659 etiam
1425 1587 1658 1656 decem
1703 1581 2103 1690 ταξιάρχες
2135 1589 2217 1659 ad
2259 1587 2440 1660 ordi-

171 1712 329 1760 nem
354 1691 699 1760 militarem
729 1688 1176 1763 instruendum
1194 1721 1235 1779 ,τ
1257 1696 1322 1759 δι
1348 1687 1766 1783 pertinebant
1790 1692 1870 1760 ad
1895 1693 2151 1784 pedites
2166 1742 2191 1781 ,
2217 1712 2445 1783 quem-

102 1859 113 1864 ,
171 1793 538 1866 admodum
574 1792 659 1863 ad
690 1795 949 1885 equites
977 1790 1326 1895 ἵππαςχοι
1358 1797 1422 1862 δι
1451 1786 1827 1892 &baama
1857 1794 1970 1865 Ad
2004 1812 2218 1889 partes
2250 1815 2441 1864 exer·

172 1897 369 1982 citus,
386 1898 505 1990 qui
547 1897 763 1968 omnis
804 1896 1148 1968 dicebatur
1192 1893 1473 1999 ςςαιτίω,
1492 1892 1962 1980 referebantur,
1989 1917 2070 1968 ut
2102 1897 2322 1986 Capite
2347 1897 2458 1970 IV
2569 1918 2692 1990 9¹·
2815 1939 2836 1956 ι

172 2017 613 2076 memoratur,
677 1997 903 2081 frons,
928 2000 1167 2082 latera,
1198 1999 1308 2072 vel
1339 2001 1487 2081 alae,
1522 1996 1850 2091 postrema
1885 2001 2091 2082 acies,
2146 1994 2441 2098 πεμπὰς

54 2115 99 2128 “·
140 2106 480 2198 'quinque
534 2102 856 2183 militum,
907 2101 1118 2200 λόγος
1166 2127 1305 2194 24,
1360 2100 1472 2171 vel
1529 2124 1645 2190 ας,
1706 2101 2027 2190 militum,
2085 2103 2440 2198 aliquando
2527 2119 2534 2124 ·

186 2212 277 2276 16
339 2200 543 2306 τάξις
606 2225 771 2284 roo,
821 2205 936 2275 vel
994 2230 1132 2278 120
1200 2206 1482 2277 militum
1546 2200 1908 2308 φάλαγξ,“
1964 2225 2183 2277 certus
2267 2205 2490 2276 ordo.

171 2311 367 2389 aciei,
398 2309 511 2380 vel
535 2306 696 2393 iusta
729 2307 935 2392 acies,
991 2331 1273 2395 cuneus,
1304 2309 1555 2380 literam
1606 2317 1668 2384 Δ
1707 2308 2040 2393 referens,
2065 2307 2319 2395 forfeX,
2355 2307 2441 2378 li·

170 2433 329 2483 terae
375 2416 444 2485 V
492 2409 774 2482 formam
815 2411 1303 2506 repraesentans,
1361 2412 1743 2497 laterculus,
1792 2413 1988 2483 turris
2015 2462 2034 2495 ,
2087 2410 2436 2484 laterculus

168 2513 506 2598 inversus,
549 2513 899 2604 πλαίσιον,
946 2517 1116 2585 acies
1143 2515 1369 2610 figure
1400 2515 1726 2609 oblonga.
1826 2514 1940 2586 Ad
1980 2514 2178 2600 juffus
2202 2511 2437 2609 praefe-

164 2623 424 2692 &orum
470 2616 718 2687 fiebant
757 2616 1216 2686 conversiones
1259 2618 1545 2686 militum
1590 2614 2008 2684 dextrorsum
2040 2638 2074 2683 a
2104 2616 2330 2685 fronte
2355 2615 2439 2686 ad

167 2741 468 2816 tergum3
526 2716 948 2788 sinistrorsum
987 2741 1025 2788 a
1069 2735 1261 2811 tergo
1293 2716 1377 2788 ad
1402 2715 1714 2788 frontem.
1822 2718 1969 2804 Cap,
1998 2720 2057 2782 V
2078 2718 2214 2811 agit
2241 2716 2329 2787 de
2358 2714 2438 2785 fi·
2571 2744 2694 2816 93,

174 2827 321 2917 gnis
351 2825 421 2894 in
454 2821 772 2893 exercitu.
879 2818 1305 2909 Symbolum,
1342 2841 1460 2890 ore
1500 2816 1857 2912 prolatum,
1901 2818 2260 2894 vocabatur
2292 2814 2437 2894 σύν-
2603 2861 2614 2868 “

172 2924 408 3024 θημα,
450 2924 676 2996 tess‘era
697 2920 881 3012 ;‚sub
924 2921 1160 2994 oculos
1208 2922 1443 2995 cadens
1483 2914 1996 3023 παρωσύνθημοι
2050 2927 2186 2995 er'at
2241 2943 2442 2994 nutus

174 3034 431 3125 capitis,
446 3025 705 3123 plausus
746 3034 1091 3112 manuum,
1142 3026 1475 3097 inclinatio
1508 3025 1715 3096 hastae.
1817 3025 2071 3125 Συμέὶκ
2100 3044 2281 3097 erant
2319 3047 2444 3097 ve·

176 3135 377 3222 xilla,
468 3130 956 3225 antiquioribus
1024 3130 1159 3233 πῦρ
1204 3129 1379 3201 faces
1451 3128 1788 3220 ardentes,
1863 3153 2026 3223 quas
2105 3130 2221 3223 qui
2289 3129 2446 3199 mit·
2579 3179 2586 3186 .

132 3237 399 3309 -tebant
426 3286 446 3320 ,
514 3231 837 3338 πυρφόροι
917 3233 1330 3320 dicebantur.
1477 3231 1747 3302 Deinde
1809 3232 2208 3308 adhibebant
2265 3254 2433 3304 con-
2563 3293 2573 3310 ,

172 3341 325 3412 chas
352 3386 376 3423 ,
466 3337 692 3432 postea
785 3336 994 3409 tubas.
1071 3402 1089 3411 ,
1157 3336 1266 3410 Ad
1363 3331 1687 3407 clafficum
1783 3336 2149 3408 canendum
2236 3334 2427 3406 adhi-

90 3525 111 3536 ‘
169 3443 413 3515 bebant
498 3440 771 3513 fistulam
799 3493 818 3526 ,
917 3441 1161 3516 tubam.
1315 3439 1582 3510 Clamor
1665 3440 1866 3532 primi
1950 3442 2236 3532 impetus
2321 3438 2425 3508 di·

124 3561 149 3580 ‘
172 3546 442 3619 cebatu't
466 3534 911 3641 σίλοιλσιγμᾶς.
1054 3550 1204 3633 Cap.
1241 3545 1334 3613 VI
1374 3533 1819 3613 confidentur
1851 3543 2067 3638 praeda
2105 3542 2425 3628 militaris,
2550 3557 2668 3630 94.
2795 3632 2805 3642 .

168 3633 318 3747 ᾖε
351 3648 396 3718 fi
436 3650 804 3743 pertinebat
843 3649 924 3719 ad
960 3647 1305 3727 homines,
1344 3644 1593 3718 fiebant
1619 3648 1934 3740 mancipia
1957 3696 1979 3735 ,
2027 3668 2180 3716 cum
2212 3642 2276 3716 se
2313 3666 2428 3715 re·

169 3758 421 3827 dimere
451 3773 586 3822 non
614 3752 905 3844 poll‘ent3
951 3749 997 3820 fi
1029 3752 1111 3822 ad
1145 3768 1269 3836 τες,
1299 3766 1483 3821 erant
1508 3747 1758 3831 vesteS,
1786 3772 1957 3820 arma
1980 3799 2002 3833 ,
2039 3747 2236 3843 ligna.
2291 3737 2421 3817 ml·

169 3876 435 3955 perator
478 3853 593 3924 fibi
632 3851 921 3925 sumebat
964 3855 1326 3948 optimum;
1373 3853 1695 3924 eximium
1722 3854 1886 3947 quid
1923 3852 2118 3924 dabat
2147 3850 2422 3921 bellico-

173 3959 284 4046 fis3
331 3958 588 4053 reliqua
617 3980 704 4029 ex
749 3979 938 4052 aequo
971 3958 1142 4027 inter
1177 3957 1408 4027 milites
1438 3955 1914 4028 dividebantur.
2013 3959 2188 4027 Ante
2229 3974 2422 4035 vero,

176 4086 372 4160 quam
394 4060 636 4134 divifio
668 4063 895 4156 praedae
924 4059 1145 4141 fiebat,
1164 4059 1469 4154 ‘primitiae
1500 4055 1637 4144 ejus
1666 4059 1818 4128 Diis
1858 4055 2416 4130 consecrabantur.
2539 4053 2562 4072 '

167 4165 819 4261 Praemia-sequuntur
866 4172 1011 4252 Gap.
1053 4168 1180 4234 VII
1216 4169 1279 4233 δε
1317 4181 1555 4264 poenae.
1706 4164 1932 4235 Virtus
1960 4162 2418 4256 praefedorum
2532 4175 2644 4249 952
2756 4179 2770 4188 ·

175 4277 236 4345 ὅτ
269 4273 719 4370 gregariorum
756 4270 1033 4342 militum
1078 4266 1429 4340 ornabatur
1464 4264 1808 4378 honorun}
1831 4266 2175 4360 gradibus,
2222 4261 2412 4432 sulpe-

138 4385 145 4394 '
760 4400 769 4406 ·
1371 4371 1559 4442 Xxx
1592 4393 1641 4441 x
1929 4427 1960 4438 .,
2331 4364 2420 4431 ri-
