3475 4859
732 242 755 252 ’
966 227 1153 338 '664
1378 247 1689 319 Nova
1767 227 2899 336 AcT-A'ERU-mrouum
3015 231 3028 240 “

772 1581 908 1675 ¹69.

1009 437 1208 503 eram,
1218 420 1301 491 ad
1328 407 1634 512 reliquias
1669 407 2127 508 argumentari.
2140 419 2327 487 Hinc
2340 409 3048 514 'progredimeboster
3076 414 3162 484 ad
3177 410 3304 486 sn·-

916 533 921 542 '
1016 541 1102 619 pe
1069 519 1443 593 rstitiosam
1473 519 1899 613 supelleffiliS,
1915 542 2052 612 qua
2082 518 2174 590 ufi
2203 520 2314 590 dic
2294 521 2764 602 unturSansti,
2781 519 3302 588 venerationem

684 671 852 766 Pagi
882 670 1001 758 63·

1020 611 1546 721 explodendam,
1567 645 1870 717 quaenon
1906 624 2106 715 magis
2135 622 2497 693 convenire
2529 644 2683 692 cum
2715 617 2852 692 san'a
2882 621 3148 690 ratione
3183 622 3300 688 vi-

1008 732 1240 810 ·,detut
1254 750 1451 822 quam
1475 723 1521 794 fi
1547 727 1696 820 quis
1729 725 1942 796 literas
1969 731 2031 795 &
2057 725 2303 796 tabulas
2333 721 2676 795 sanctiores
2704 724 3068 817 lapideas&
3097 723 3306 792 chat-

1008 853 1230 904 taceas
1254 829 1615 901 adorandas
1642 826 1757 898 fibi
1786 825 2083 902 sumeret.
2119 829 2402 900 -Omnis
2383 829 2625 912 enim,
2657 850 2803 920 quae
2828 827 2930 896 his
2961 823 3304 912 saqrarum

1024 937 1366 1008 litet-anm
1382 932 1810 1002 documentis
1840 930 2140 1015 debetur,
2159 919 2495 1001 veneratio
2521 954 2662 1001 non
2697 953 2787 1000 ex
2817 949 3150 1010 externo,
3175 925 3296 998 sed

1022 1040 1288 1110 interno
1293 1034 1610 1130 ,profluit
1639 1053 2049 1127 argumento.
2078 1038 2149 1106 ln
2179 1033 2303 1104 hac
2329 1032 2605 1126 palaestra
2633 1036 2862 1104 Canon
2899 1033 3056 1101 xlv
3097 1034 3300 1101 Con-

1023 1141 1165 1213 cilii
1205 1133 1712 1233 carthagmoens
1692 1160 1782 1221 s,
1837 1158 2040 1230 quem
2072 1135 2407 1207 mirifice
2388 1161 2456 1206 m
2491 1159 2628 1210 rem
2672 1134 2841 1206 suain
2879 1135 3296 1204 Trmbeains

1024 1240 1387 1315 detorserat
1409 1291 1428 1324 ,
1472 1242 1764 1335 ingenue
1803 1237 2214 1331 explicatur,
2271 1256 2350 1309 ut
2389 1238 2606 1320 nullus
2653 1237 3047 1308 dubitationi
3099 1236 3294 1308 locus

1027 1345 1141 1430 fit,
1185 1346 1351 1440 quin
1373 1343 1725 1422 hominum
1752 1339 2273 1434 superstitionem
2315 1340 2427 1411 ille
2464 1338 2966 1433 compescuerit.
3070 1337 3290 1436 Quod

1025 1449 1111 1519 ad
1139 1443 1473 1535 Augustini
1501 1443 1946 1514 testimonium
1978 1445 2064 1514 de
2092 1466 2272 1514 coeca
2305 1444 2605 1529 muliere,
2621 1461 2755 1536 ope
2782 1442 3028 1514 florum
3059 1443 3145 1512 ad
3169 1464 3289 1512 ca-

1019 1549 1354 1621 tacumbas
1390 1544 1686 1635 stephani
1708 1544 1938 1631 sanata,
1959 1548 2235 1630 attinet,
2274 1547 2440 1617 illud
2465 1542 2600 1617 fine
2627 1544 2824 1618 cause
2855 1543 2980 1616 suc
3022 1542 3288 1638 dispen-

1024 1654 1142 1726 dio
1168 1652 1459 1723 admittit
1480 1654 1746 1734 Autor,
1771 1653 1859 1724 ita
1877 1668 2096 1722 tamen
2120 1700 2141 1731 ‚
2163 1668 2246 1720 ut
2277 1667 2563 1733 moneat,
2587 1650 2984 1720 Arianomm
3012 1646 3290 1730 rabiem,

1012 1776 1178 1829 tunc
1205 1753 1524 1847 temporis
1559 1753 1829 1846 piomm
1866 1751 2157 1823 §veritatis
2179 1750 2477 1838 testium,
2521 1752 2689 1823 male
2723 1752 2806 1823 ab
2837 1748 2984 1845 ipfis
3015 1750 3288 1822 habito-

772 1841 783 1854 ⁰
876 1913 897 1935 0.
1018 1883 1165 1931 rum
1191 1911 1212 1945 ,
1262 1857 1584 1928 miraculis
1611 1858 1837 1954 Deum
1874 1855 2268 1945 vindicasse,
2317 1878 2442 1926 nec
2471 1851 2687 1925 tamen
2717 1855 2877 1938 ideo
2905 1850 3286 1924 viliffimum

762 2121 896 2188 qt.

702 2241 769 2276 ἱ.

1017 1962 1384 2057 quodpiam
1450 1958 1984 2042 instrumentum,
2061 1981 2203 2053 quo
2271 1961 2425 2030 Deo
2479 1956 2631 2028 usus
2712 1956 2843 2027 fuit
2888 1959 3010 2027 adt
3039 1954 3282 2028 summa
3327 1991 3342 1998 ⁴

995 2065 1327 2159 ‚patranda
1359 2057 1688 2147 facinora,
1716 2061 2120 2132 adorandum
2145 2068 2208 2132 ὁ(
2240 2061 2596 2133 colendum
2631 2061 2780 2132 esse.
2881 2059 3120 2132 Οθσυσ
3150 2061 3283 2130 Ex·

1018 2168 1322 2239 ercimtio
1354 2164 1672 2236 Hebraeos
1703 2164 1785 2233 ab
1818 2166 2003 2235 omni
2032 2163 2466 2259 reliquiarum
2503 2164 2690 2236 cultu
2727 2161 3040 2258 religioso
3068 2160 3281 2234 absol·

1025 2271 1164 2354 vit,
1225 2291 1400 2362 quos
1479 2268 1547 2337 in
1638 2287 1853 2361 partes
1889 2313 1892 2318 -
1931 2266 2072 2338 suas
2159 2268 2418 2350 trahere
2461 2271 2626 2340 Rev.
2700 2265 2937 2342 Abbas
3037 2265 3280 2347 voluit,

1019 2391 1097 2444 ut
1118 2368 1546 2442 firmiffimum
1581 2370 1737 2440 inde
1768 2391 1983 2442 rerum
2000 2369 2254 2443 suarum
2285 2369 2758 2441 firmamentum
2782 2366 3279 2444 nancifiaerenu.
3323 2436 3334 2442 -

1017 2473 1356 2565 Digreffus
1382 2473 1498 2542 h'uc
1530 2471 1887 2540 instituitur
1921 2475 2002 2541 ad
2034 2475 2339 2544 orandam
2376 2470 2620 2544 caulam
2649 2474 2943 2560 Stephani
2969 2473 3113 2545 AG.
3141 2476 3296 2560 VII„

1016 2581 1105 2660 16,
1155 2575 1277 2667 qui
1338 2571 1757 2648 distributive
1821 2571 2040 2655 dixit,
2097 2575 2606 2647 Patriarcharum
2663 2575 2987 2670 quosdam
3046 2574 3278 2646 Siche-

1018 2678 1409 2761 mum‚alios
1440 2674 1857 2760 Hebronem,
1881 2673 2011 2747 esse
2043 2694 2555 2770 transportatos,
2607 2680 3081 2773 duplicemque
3127 2679 3272 2750 affe-

1022 2782 1192 2852 ritut
1253 2779 1444 2851 fuiffe
1504 2775 1865 2849 emtionem
1925 2776 2351 2873 sepulcralem
2366 2828 2389 2864 ,
2454 2780 2540 2852 ab
2585 2781 2937 2852 Abrabam
3001 2781 3274 2872 alteram,

1022 2884 1290 2953 alteram
1320 2904 1357 2951 a
1398 2879 1651 2969 Jacobo,
1682 2877 2064 2954 confectam.
2159 2885 2371 2980 Quod
2405 2906 2572 2955 vero
2620 2885 2703 2956 ad
2748 2885 3273 2979 deportationem

1025 2983 1203 3055 istam
1230 3007 1492 3055 omnem
1517 2981 1791 3077 speaat,
1831 2983 1995 3055 nihil
2022 2983 2133 3056 hic
2168 2984 2502 3056 Pontificii
2526 2986 2802 3070 habent,
2857 3009 3004 3083 quo
3029 2988 3273 3062 cultum

1025 3086 1217 3158 suum
1243 3087 1513 3175 juvent,
1562 3109 1714 3176 qum
1761 3088 1931 3164 inter
1964 3109 2196 3162 omnes
2238 3086 2532 3175 constet,
2576 3093 2855 3162 exuvias
2888 3090 3274 3161 Patriarcha·

1022 3212 1172 3260 rum
1202 3193 1646 3262 monumentis
1680 3187 1986 3282 ipsorum,
2003 3213 2089 3261 ex
2124 3183 2500 3274 haereditate
2525 3213 2794 3286 paterna
2819 3193 3084 3271 reliGis,
3098 3191 3278 3264 fuisse

1023 3291 1284 3361 inditas.
1384 3293 1592 3389 Quod
1633 3317 1801 3366 vero
1835 3315 1870 3362 a
1900 3291 2188 3385 glorioso
2221 3295 2563 3366 animarum
2582 3345 2607 3385 ‚
2655 3318 2690 3365 a
2722 3317 3013 3389 corpore
3037 3293 3276 3388 separa-

1018 3411 1259 3475 tarum,
1278 3393 1439 3465 statu
1459 3394 1541 3464 ad
1575 3395 1996 3491 reliquiarum
2025 3397 2277 3468 cultum
2303 3397 2702 3469 concludant
2728 3397 3166 3481 Pontificii,in
3192 3419 3269 3468 eo

1018 3518 1250 3591 parum
1278 3499 1404 3569 hos
1426 3518 1725 3574 accurate
1755 3522 1966 3595 agere,
1983 3501 2401 3584 evincitur,&
2430 3501 2726 3596 quedam
2748 3523 2836 3573 ex
2852 3501 3274 3576 Constitutio-

872 3667 894 3694 ο
1020 3601 1213 3671 nibus
1250 3600 1646 3694 Apostolicis
1675 3602 2024 3672 diluuntur·
2042 3602 2509 3674 dubitationes
2608 3605 2758 3678 1511·ae
2781 3603 3095 3697 pallium,
3141 3625 3272 3698 quo

970 3707 989 3721 ⁶
1020 3704 1246 3799 palliat
1280 3705 1673 3776 Trou-bellicas
1708 3727 1965 3774 errores
1990 3704 2179 3787 fuoS,
2229 3705 2402 3777 nulla
2430 3708 2710 3800 patravit
2735 3708 3044 3780 miracula
3077 3731 3167 3779 ex
3194 3704 3271 3794 se,

1014 3805 1134 3880 sed
1159 3810 1348 3878 Deus
1381 3807 1562 3889 Elia,
1596 3809 1714 3900 qui
1746 3806 1826 3876 ab
1855 3805 2066 3902 Elisleo
2099 3809 2402 3879 ardenter
2428 3810 2878 3887 invocabatur
2979 3810 3120 3883 Sub
3153 3808 3275 3882 cal,-

1030 3934 1178 3982 cem
1210 3910 1405 3997 hujus
1426 3893 1924 4004 'disceptationis
1960 3933 2046 3981 ex
2071 3908 2232 3981 fimo
2250 3912 2427 3996 Johi,
2442 3921 2504 3985 ὅ(
2537 3911 2938 4009 Cheysqstomi
2965 3937 3155 3998 auro,
3175 3935 3275 3984 re-

1032 4013 1382 4105 liquiarum
1421 4013 1631 4084 cultus
1674 4014 1942 4086 exulare
1973 4011 2258 4100 iubetur.
2394 4018 2467 4114 Ῑη
2477 4014 2888 4113 fiabftquenti
2927 4020 3275 4087 Commen-

1016 4115 1281 4191 ‘t‘atione
1332 4114 1422 4187 de
1473 4117 1904 4233 reliquiarum
1951 4115 2407 4208 translatione,
2483 4128 2548 4200 &
2599 4119 3059 4216 superstitione
3125 4117 3282 4188 inde
3431 4125 3432 4134 ‘

3061 4223 3279 4306 Otiull‘
