3475 4859
254 219 341 246 ”
418 270 813 379 Mamm
879 269 1503 404 ntcwnms
1555 268 1649 349 s.
1698 272 2206 357 Mncctxvr.
2309 284 2454 375 μ’,
2539 333 2550 346 .

175 446 388 548 trium
435 471 767 543 generum.
911 447 1026 519 Ad
1061 469 1305 542 eorpus
1348 449 1710 545 tegendum
1767 471 1914 525 erat
1964 454 2143 550 galea
2160 501 2183 539 ,
2224 455 2458 548 lorica,

170 552 556 644 cingulum,
587 574 827 641 ocrea,
866 549 1163 645 clypeus,
1204 552 1315 623 vel
1343 551 1625 626 scutum.
1728 556 1841 628 Ad
1880 580 2093 646 arma,
2142 580 2289 654 quae
2331 581 2458 631 no·
2597 593 2606 602 ·

174 655 460 741 cebant,
509 653 879 748 pertinebat
909 652 1081 724 hasta
1120 660 1185 727 dt
1219 655 1478 741 lancea,
1515 655 1714 747 enfis,
1750 658 2052 755 bipennis
2092 669 2157 736 δι
2182 662 2453 753 securis,

172 779 404 843 arcus,
435 757 761 847 jaculum,
805 757 1031 830 funda.
1133 759 1243 831 Ad
1275 761 1608 834 machinas
1639 767 2095 858 oppugnanda
2132 765 2314 839 urbis
2340 787 2449 839 re-

168 860 562 934 ferebantur
588 860 759 934 scalae
781 908 803 945 ,
837 863 1034 952 aries,
1077 864 1331 961 lignum
1383 888 1561 951 100,
1583 866 1694 937 vel
1734 890 1898 950 120,
1930 870 2220 960 pedum,
2261 868 2449 939 lami-

169 968 283 1036 nis
321 963 550 1062 ferreis
583 966 943 1056 munitum,
981 962 1332 1066 ἔλιπολῖς,
1368 968 1549 1040 unde
1578 969 1829 1063 lapides
1874 976 1940 1041 δι
1969 970 2220 1044 missilia
2252 973 2443 1042 emit-

76 1129 105 1134 -
169 1068 524 1154 tebantur,
558 1068 863 1153 testudo,
904 1093 1143 1167 agger,
1187 1092 1399 1143 turres
1423 1095 1464 1143 e
1491 1071 1675 1167 ligno
1705 1072 2023 1166 mobiles,
2082 1095 2290 1147 crates
2331 1076 2458 1160 vi<

168 1173 413 1244 minen
443 1173 528 1243 ad
572 1173 1110 1267 capita.tegenda
1128 1226 1148 1261 ,
1200 1173 1529 1267 catapeltae
1567 1176 1652 1246 ad
1697 1173 1954 1271 sagittas
2004 1176 2432 1268 ejaculandas.

2 1291 21 1298 “
160 1275 465 1347 Praefeffl
493 1277 906 1347 exercituum
937 1283 1086 1368 Cap.
1124 1283 1234 1351 III
1262 1278 1483 1371 primo
1517 1298 1701 1349 erant
1731 1284 1981 1374 Reges,
2032 1277 2264 1353 summi
2309 1282 2431 1354 du·
2471 1285 2623 1382 Pag.
2676 1307 2798 1381 90.

160 1399 321 1460 ces,
369 1378 634 1461 deinde,
682 1401 834 1453 cum
866 1381 1217 1475 imperium
1250 1381 1409 1452 ess'et
1436 1403 1643 1476 penes
1682 1383 2054 1478 populum,
2096 1387 2436 1476 Praetores,

165 1482 255 1553 ad
289 1485 729 1560 numerumX
757 1482 1068 1570 tribuum,
1083 1487 1335 1565 decem,
1353 1482 1595 1578 quibus
1627 1485 1994 1557 addebatur
2019 1488 2437 1570 undecimus,

162 1582 641 1686 πολέμαρχος.
778 1586 1125 1659 Habebant
1177 1589 1373 1659 etiam
1423 1588 1656 1657 decem
1702 1583 2102 1692 ταξιάςχες
2133 1591 2215 1661 ad
2257 1589 2439 1662 ordi·

96 1739 107 1742 -
167 1711 327 1759 nem
352 1690 697 1760 militarem
726 1688 1175 1763 instruendum
1192 1721 1233 1779 ,2
1255 1696 1320 1759 δι
1346 1688 1764 1784 pertinebant
1788 1694 1868 1762 ad
1891 1695 2149 1785 pedites
2164 1744 2189 1783 ‚
2213 1714 2444 1787 quem-

96 1857 105 1864 .
138 1792 536 1864 *admodum
572 1792 654 1862 ad
690 1794 947 1885 equites
975 1790 1324 1895 ἵπποιςχοι
1357 1797 1420 1863 ὅ(
1450 1788 1825 1893 mumma.
1855 1795 1968 1866 Ad
2002 1814 2216 1890 partes
2248 1817 2440 1866 exer·

169 1896 367 1980 citus,
383 1896 501 1990 qui
546 1897 761 1967 omnis
802 1896 1145 1968 dicebatur
1190 1893 1471 2000 ςςαιτίοι,
1490 1893 1960 1981 referebantur,
1987 1917 2066 1970 ut
2100 1898 2320 1987 Capite
2345 1899 2456 1971 IV
2567 1920 2691 1992 9¹·
2815 1941 2834 1960 .

170 2017 610 2075 memoratur,
674 1996 900 2081 frons,
926 2000 1164 2082 latera,
1195 2001 1306 2073 vel
1337 2001 1484 2081 alae,
1519 1997 1848 2092 postrema
1882 2002 2088 2084 acies,
2143 1996 2439 2100 πεμπάς
2777 1991 2782 1998 ’

102 2119 111 2122 ’
160 2093 476 2197 ⁸quinque
531 2101 853 2182 militum,
904 2101 1115 2200 λόγος
1164 2127 1302 2194 24,
1358 2102 1467 2171 vel
1526 2125 1643 2191 ης,
1703 2102 2024 2186 militum,
2082 2105 2438 2199 aliquando

182 2210 274 2275 16
335 2199 540 2307 τάξις
603 2224 769 2285 noo,
818 2206 934 2275 vel
991 2230 1130 2278 120
1197 2206 1479 2277 militum
1543 2201 1906 2309 φάλαγξ,”
1961 2226 2180 2279 certus
2264 2207 2438 2277 ordo

168 2309 364 2387 aciei,
395 2309 506 2379 vel
531 2305 693 2394 justa
726 2307 932 2392 acies,
988 2331 1270 2395 cuneus,
1301 2311 1552 2380 literam
1603 2317 1665 2384 Δ
1703 2309 2037 2395 referens,
2062 2308 2316 2397 forfex,
2351 2309 2438 2380 li·

168 2431 326 2481 terae
372 2415 441 2484 V
489 2408 771 2481 formam
812 2409 1299 2506 repraesentans,
1358 2412 1740 2497 laterculus,
1789 2414 1984 2484 turris
2011 2463 2030 2496 ‚
2084 2412 2433 2486 laterculus
2553 2457 2578 2504 χ

165 2511 503 2596 inversus,
545 2512 895 2604 πλαῖσρον,
943 2517 1112 2585 acies
1139 2515 1365 2610 figure
1396 2515 1722 2609 oblonga.
1823 2515 1936 2585 Ad
1977 2515 2174 2601 juffus
2198 2514 2434 2611 praefe-

161 2622 420 2691 &orum
466 2615 716 2686 fiebant
754 2616 1212 2686 conversiones
1255 2619 1541 2686 militum
1586 2615 2004 2685 dextrorsum
2036 2640 2071 2685 a
2100 2618 2326 2688 fronte
2352 2616 2436 2687 ad

165 2740 464 2815 tergum3
522 2715 944 2787 sinistrorsum
983 2741 1021 2788 a
1066 2735 1257 2810 tergo
1290 2715 1373 2787 ad
1398 2714 1710 2788 frontem.
1818 2719 1965 2805 Cap.
1994 2721 2053 2783 V
2074 2719 2211 2812 agit
2237 2717 2325 2789 de
2354 2715 2434 2786 fi·
2568 2746 2691 2818 93.

171 2825 317 2916 gnis
347 2823 417 2893 in
449 2820 768 2892 exercitu.
875 2817 1299 2908 Symbolum,
1338 2840 1456 2890 ore
1497 2816 1853 2913 prolatum,
1897 2819 2256 2894 vocabatur
2288 2815 2444 2895 σύνέ
2601 2863 2610 2870 ‚

169 2922 403 3022 θημα,
446 2923 672 2995 tess‘era
693 2920 877 3010 ;‚sub
919 2922 1155 2993 oeulos
1203 2922 1439 2994 cadens
1479 2914 1992 3023 παρασύνθημοι
2045 2927 2183 2996 erat
2237 2944 2438 2995 nutus

172 3031 427 3124 capitis,
442 3024 701 3122 plausus
742 3033 1086 3112 manuum,
1137 3026 1471 3097 inclinatio
1504 3025 1711 3096 hastae.
1813 3025 2067 3126 Συμᾶω
2096 3048 2278 3100 erant
2315 3049 2440 3099 ve·

174 3133 372 3221 xilla,
463 3128 951 3224 antiquioribus
1019 3130 1154 3233 πῦρ
1199 3129 1374 3201 faces
1446 3128 1784 3220 ardentes,
1858 3154 2022 3224 quas
2101 3133 2219 3225 qui
2285 3131 2442 3201 mit·
2575 3179 2582 3188 -

134 3235 393 3308 -tebant
421 3285 441 3319 ,
509 3230 833 3338 πυρφόροι
912 3233 1325 3320 dicebantur.
1472 3231 1742 3303 Deinde
1805 3234 2203 3310 adhibebant
2260 3256 2428 3305 con-
2559 3295 2569 3312 ,

170 3340 321 3411 chas
347 3385 371 3422 ‚
461 3336 687 3431 postea
780 3336 990 3411 tubas.
1066 3402 1083 3411 -
1152 3337 1261 3410 Ad
1358 3331 1682 3409 clafficum
1778 3338 2144 3410 canendum
2232 3336 2422 3408 adhi-

94 3523 111 3534 ,
167 3443 409 3514 bebant
492 3439 766 3512 fistulam
794 3492 813 3525 ,
912 3440 1157 3515 tubam.
1310 3439 1577 3510 Clamor
1659 3441 1861 3533 primi
1946 3444 2232 3533 impetus
2316 3440 2420 3510 di-

120 3560 148 3582 ·’
171 3545 436 3618 cebatu'r
460 3534 906 3641 ἀλαλαγμᾶς.
1049 3550 1199 3633 Cap.
1235 3546 1328 3613 VI
1368 3533 1814 3613 confidentur
1846 3544 2062 3639 praeda
2099 3543 2420 3628 militaris,
2544 3559 2662 3632 94.

166 3631 312 3746 ,ε
345 3648 390 3718 fi
430 3649 798 3742 pertinebat
838 3648 919 3718 ad
955 3646 1257 3718 homines
1279 3692 1300 3726 ‚
1338 3644 1587 3718 fiebant
1613 3649 1929 3741 mancipia
1951 3697 1973 3735 ‚
2021 3669 2175 3717 cum
2207 3643 2271 3717 se
2307 3667 2422 3715 re·
2561 3729 2568 3735 ,
2789 3635 2800 3644 ’

168 3756 415 3825 dimere
443 3772 579 3821 non
608 3752 899 3843 poll‘ent3
946 3749 992 3820 fi
1024 3752 1105 3821 ad
1137 3769 1264 3836 res,
1293 3767 1477 3821 erant
1502 3748 1752 3832 vesteS,
1780 3773 1951 3821 arma
1974 3800 1994 3834 ,
2034 3747 2231 3844 figna.
2286 3739 2416 3819 hfi-

167 3875 429 3953 perator
472 3852 585 3923 fibi
626 3851 916 3925 sumebat
958 3856 1321 3948 optimum3
1368 3853 1689 3925 eximium
1716 3854 1881 3948 quid
1917 3853 2112 3926 dabat
2141 3851 2416 3922 bellico-

171 3957 278 4044 fis3
324 3957 581 4052 reliqua
610 3980 698 4029 ex
743 3978 932 4051 aequo
967 3958 1136 4027 inter
1171 3957 1402 4027 milites
1432 3955 1907 4028 dividebantur.
2007 3960 2183 4027 Ante
2224 3975 2416 4036 vero,

175 4083 366 4160 quam
387 4059 629 4133 divifio
662 4063 889 4156 praedae
918 4059 1139 4141 fiebat,
1157 4059 1463 4154 primitiae
1493 4055 1631 4144 ejus
1659 4060 1814 4128 Diis
1852 4057 2410 4132 consecrabantur.
2533 4053 2554 4074 '

167 4169 419 4239 Praemia
434 4164 813 4261 -sequuntur
860 4172 1004 4252 Gap.
1047 4168 1173 4234 VII
1209 4169 1272 4233 δε
1309 4181 1546 4254 poenae.
1699 4165 1925 4236 Virtus
1953 4164 2408 4257 praefectorum
2525 4176 2636 4250 95;
2749 4180 2763 4189 ·

174 4277 231 4345 δι
263 4272 712 4369 gregariorum
749 4269 1027 4342 rnilitum
1072 4266 1422 4340 ornabatur
1457 4257 1802 4356 honorum
1824 4266 2167 4361 gradibus,
2215 4262 2420 4434 fugae·-

752 4401 759 4406 ·
1364 4371 1552 4443 Xxx
1585 4394 1634 4442 x
1759 4359 1784 4380 ”
1921 4429 1934 4437 .
2325 4366 2413 4433 ri-
