3475 4859
1164 29 1203 44 .-

423 187 823 270 ΜεΝειε
907 190 1454 284 JANUARII
1527 190 1613 268 Α.
1662 192 2166 328 Muccxtvr
2283 213 2429 298 23

143 369 365 448 media
438 383 577 437 tuta
623 364 894 457 satisque
941 383 1114 436 certa
1164 364 1325 448 effe,-
1389 366 1513 436 ita
1545 364 1793 458 tusfim,
1859 329 2427 472 sternutationem,

148 475 527 553 vomitum,
577 468 848 557 aliaque,
879 468 1118 558 quibus
1149 467 1305 537 olim
1350 461 1446 539 ιιιί
1492 469 1991 553 consueverunt,
2024 472 2346 564 prorsus
2324 497 2425 542 ιιι-

149 600 327 652 cena
356 569 517 654 ess‘e,
549 573 719 642 recte
751 565 1036 643 affirmat.
1086 573 1334 640 Tamen
1368 578 1427 642 ὰ
1456 571 1575 660 hir,
1602 578 1660 649 δι
1690 576 1831 657 illis,
1856 576 2232 666 protrahere
2266 578 2430 668 saepe

156 706 226 755 ea
272 671 559 768 corpora
600 691 731 741 non
766 673 951 755 licet,
1001 695 1144 765 quae
1178 696 1471 767 propter
1489 695 1735 746 metum
1771 677 2032 758 laefionis
2084 676 2425 750 ventriculi

160 792 221 857 δι
255 779 743 858 intestinorum,
797 773 903 843 etii
940 770 1212 868 possint,
1267 778 1526 848 detrudi
1556 798 1768 849 tamen
1816 802 1946 849 non
1979 780 2242 852 debent.
2346 781 2422 851 In
2473 793 2487 810 ¹
2605 865 2616 874 ᾖ

164 909 303 981 quo
335 879 471 953 casu
520 879 684 971 quid
730 875 1097 948 faciendum
1136 877 1181 946 Γ
1162 898 1254 960 t,
1304 880 1589 950 Hevinus
1633 903 1753 973 per
1790 881 2264 953 observationes
2302 903 2424 952 ex·

174 965 408 1084 pos'uit.
506 984 611 1052 Ex
643 979 882 1073 quibus
919 1003 1069 1049 cum
1104 982 1358 1074 gravius
1387 983 1621 1054 malum
1657 981 1837 1078 sequi
1871 983 2329 1078 cognoscatur,
2373 977 2422 1053 fi

174 1088 503 1186 peregrina
532 1105 812 1176 corpora
848 1084 912 1151 in
943 1081 1298 1182 oesophago
1327 1084 1600 1173 haerent,
1649 1108 1934 1180 quami
1892 1083 1994 1158 fi
1974 1111 2040 1156 ιιι
2090 1087 2424 1159 ventricu-

170 1195 303 1264 lum
336 1185 773 1269 deferuntur;
801 1209 995 1263 nemo
1025 1185 1204 1257 facile
1235 1187 1482 1258 Hevino
1514 1186 1639 1259 sese
1673 1210 2011 1283 opponet,
2043 1191 2162 1285 qui
2194 1213 2269 1260 ea
2305 1190 2426 1260 de-

173 1295 435 1367 trudere
462 1290 666 1379 jubet,
711 1290 848 1359 imo
882 1288 1161 1379 laudabit
1197 1292 1418 1383 potius
1450 1289 1536 1363 de
1576 1291 1747 1394 hoc
1807 1293 2032 1386 quod,
2046 1290 2288 1385 quibus
2337 1292 2427 1362 ita

174 1395 426 1472 detrusa
476 1405 755 1488 corpora
791 1391 891 1464 vel
929 1393 1064 1464 cito
1096 1394 1412 1486 propelli,
1457 1395 1558 1465 vel
1602 1396 1678 1465 ad
1723 1417 1914 1467 anum
1968 1397 2167 1466 delata
2200 1394 2427 1485 eximi,
2501 1469 2508 1478 ‚

174 1518 442 1596 queant,
458 1518 733 1591 quaque
766 1496 847 1564 ad
874 1495 1010 1568 haec
1026 1493 1341 1568 utiliffima
1370 1497 1603 1568 auxilia
1636 1495 1680 1567 Γ
1661 1517 1771 1581 ιιι,
1790 1499 2112 1574 indicavit.
2215 1501 2429 1594 Quar-

172 1623 234 1675 ta
275 1602 465 1690 buius
511 1599 970 1671 commentarii
1002 1623 1142 1692 pars
1192 1600 1410 1693 plures
1446 1600 1916 1672 observationes
1957 1602 2041 1672 de
2098 1599 2425 1685 eiusmodi

76 1745 92 1762 ·
173 1701 567 1812 corporibus
604 1693 929 1788 εοὶιιίιιει,
984 1723 1125 1796 quse
1183 1715 1333 1774 eum
1391 1723 1609 1799 neque
1631 1704 1965 1823 protrahi,
2002 1719 2112 1775 aut
2137 1701 2430 1791 detrudi,

170 1831 389 1903 neque
416 1805 661 1888 detrusa
691 1827 840 1878 cum
873 1804 1132 1876 faeeibus
1170 1803 1375 1890 reddi,
1391 1826 1748 1901 potuerint
1784 1806 1826 1875 Γ
1832 1807 1898 1878 bt
1936 1808 2038 1878 vel
2071 1807 2247 1878 vario
2276 1826 2429 1876 mo-

186 1911 282 1980 do
322 1913 490 1978 viam
527 1909 847 1999 fecerunr,
894 1908 995 1978 vel
1030 1907 1171 2002 post
1207 1927 1486 1980 mortem
1518 1912 1584 1979 in
1610 1912 1882 1981 remotis
1913 1912 2101 1980 etiam
2134 1908 2434 2026 corporis

177 2011 401 2085 locis
380 2029 632 2080 inventa
667 2009 817 2079 sunt.
876 2014 1171 2109 Quarum
1206 2011 1729 2081 obst-rvationum
1757 2030 1832 2081 ut
1862 2010 2222 2103 plurimas
2203 2032 2270 2077 ιιι
2304 2007 2432 2079 du-

112 2160 127 2166 ·
176 2114 311 2186 bias
356 2119 702 2192 voce-us,
749 2110 857 2182 etfi
904 2114 1303 2206 permultum
1349 2109 1554 2194 abest,
1603 2132 1819 2183 tamen
1874 2135 2007 2181 non
2062 2129 2288 2188 omnes
2342 2106 2428 2179 fl-
2459 2119 2476 2126 ”

174 2218 327 2289 dem
370 2217 633 2298 mereri,
678 2237 762 2284 eo
798 2215 1008 2288 minus
1046 2211 1357 2292 affirmare
1398 2215 1810 2305 dubitamus,
1853 2236 1992 2309 quo
2033 2216 2270 2286 certius
2313 2208 2429 2304 est,

174 2322 365 2416 plura
390 2317 618 2400 deeffe,
654 2340 798 2409 quae
840 2318 1122 2413 poss'unt,
1153 2337 1229 2388 ut
1272 2318 1431 2388 mira
1477 2305 1768 2410 quaedam
1818 2315 2075 2388 historia
2114 2335 2237 2410 pro
2278 2336 2431 2385 vern

175 2422 520 2504 habeatur,
583 2417 864 2492 efficere.
995 2424 1118 2491 His
1163 2419 1718 2491 observationibus
1776 2420 2077 2538 quaedam·
2107 2415 2432 2514 subjuncta

176 2526 317 2598 sunt
358 2523 444 2593 de
474 2521 1019 2594 bronchotomia
1004 2548 1066 2593 ιιι
1102 2524 1274 2595 hunc
1308 2521 1507 2594 finem
1542 2523 1721 2609 fasta,
1772 2543 2027 2616 ut,quae
2059 2523 2124 2591 in
2154 2519 2434 2615 asperam
2525 2511 2540 2526 ⁵

172 2629 462 2700 arteriam
498 2624 747 2744 delapsa
784 2623 946 2711 sunt,
979 2626 1411 2698 extrahantur.
1512 2627 1836 2720 Eamque,
1873 2647 1961 2697 ex
1988 2625 2177 2696 allatis
2207 2643 2435 2695 exem-

172 2732 297 2826 plis
338 2749 543 2825 patet,
583 2729 775 2799 etiam
815 2729 859 2798 Γ
862 2752 900 2798 c
944 2726 1085 2800 fieri
1126 2713 1453 2802 interdum
1505 2726 1788 2819 debere,
1842 2747 1919 2799 ut
1957 2726 2170 2822 aspera
2214 2725 2437 2797 arteria
2535 2773 2542 2780 -
2587 2769 2602 2780 -

146 2835 373 2932 ⁴longa
400 2832 678 2902 sefflone
717 2829 995 2924 patefiat.
1091 2834 1319 2926 Longe
1353 2830 1658 2914 audacius
1699 2829 1944 2905 Hevini
1983 2826 2316 2901 confilium
2346 2826 2435 2898 de

169 2935 318 3031 ipso
365 2933 727 3006 ventriculo
774 2933 1212 3038 intestinisque
1259 2933 1621 3027 aperiendis
1656 2931 1771 3006 est.
1872 2920 2123 3008 Tamen
2167 2920 2472 3027 operam*
2513 2951 2530 3000 μ

168 3038 399 3115 dedit,
414 3054 493 3105 ut
518 3036 755 3119 mulus,
772 3055 960 3105 etiam
990 3060 1197 3123 novis,
1214 3034 1769 3108 observationibus
1809 3034 1895 3107 de
1926 3034 2299 3107 vulneribus
2329 3056 2439 3103 ea·

166 3156 337 3213 rum
368 3133 654 3223 partium
682 3133 920 3230 fauetis,
951 3133 1113 3200 hanc
1143 3132 1315 3201 suam
1343 3132 1711 3207 sententiam
1735 3136 2213 3210 corroboraret.
2311 3134 2439 3205 Su-

169 3237 445 3337 periore
466 3230 693 3324 aliquo
723 3221 877 3301 loco
925 3229 1235 3316 vidimus,
1268 3231 1392 3306 Cl.
1421 3237 1702 3309 Petitum
1736 3241 1824 3311 de
1859 3263 1942 3328 eo
1985 3235 2297 3312 infantum
2333 3256 2443 3308 re-
2500 3222 2520 3266 ³

173 3361 329 3415 cens
358 3352 658 3405 natorum
686 3333 851 3404 vitio
881 3331 1364 3415 observationes
1390 3339 1810 3434 proposuisse,
1814 3321 2014 3452 quod
2040 3361 2229 3412 anum
2264 3339 2440 3410 clau-

180 3442 310 3516 sum
351 3437 708 3510 nominant.
815 3434 1000 3526 Alius
1056 3438 1391 3527 eorum,1fi
1441 3463 1574 3513 non
1618 3464 1807 3538 aeque
1814 3423 2294 3539 periculosus,
2344 3458 2443 3512 ta·
2535 3443 2544 3448 ’

180 3567 324 3618 men
354 3537 681 3630 molestus,
700 3537 983 3610 morbus
1011 3539 1141 3625 est,
1187 3545 1306 3638 qui
1336 3540 1589 3616 labrum
1618 3545 2005 3639 leporinum
2054 3543 2442 3616 nominatur.

182 3650 297 3726 De
317 3648 451 3719 hoc
482 3640 960 3714 observationes
997 3643 1264 3739 aliquot
1282 3646 1381 3720 Cl.
1416 3653 1495 3716 de
1534 3647 1598 3718 la
1622 3651 1791 3741 Faye
1843 3643 2066 3732 dedit,
2090 3646 2200 3731 sic,
2243 3664 2326 3719 ut
2359 3641 2440 3715 Γι-

185 3750 363 3839 mul,
380 3769 521 3843 quo
548 3743 771 3818 modo
801 3747 1042 3841 corrigi
1079 3748 1221 3820 hoe
1243 3750 1475 3821 vitium
1511 3749 1806 3836 deberet,
1849 3748 2241 3844 exposuerit.
2341 3750 2443 3832 1⁸,

187 3851 289 3926 etfi
331 3849 503 3921 labra
538 3869 572 3919 a
620 3850 943 3921 nativitate
976 3849 1146 3933 fissa,
1187 3852 1619 3950 utplurimum
1657 3876 1810 3927 cum
1857 3854 2044 3948 palati
2091 3850 2245 3922 ossei
2287 3871 2438 3922 mo-

186 3953 471 4053 bilisque
500 3949 813 4082 divifione
839 3951 1181 4043 coniuncta
1208 3952 1365 4032 sunt
1436 3973 1651 4036 tamen
1686 3956 1769 4033 ab
1800 3955 1937 4047 eo,
1981 3975 2120 4054 quo
2150 3954 2229 4027 ad
2267 3943 2448 4029 aliud

1471 4127 1493 4172 l

779 4286 810 4304 ·
940 4287 947 4294 ¹
2145 4285 2154 4292 υ
2235 4281 2268 4300 ξ

2223 4057 2454 4179 quod-

2617 267 2650 284 κ
